@book{gupta2002fundamentals,
  title={Fundamentals of mathematical statistics: A modern approach},
  author={Gupta, SC; Kapoor, VK},
  year={2002},
  publisher={Sultan Chand and Sons},
  edition={Eleventh}
}

@article{conover1980practical,
  title={Practical nonparametric statistics},
  author={Conover, William Jay and Conover, William Jay},
  year={1980},
  publisher={Wiley New York}
}

@book{teetor2011r,
  title={R cookbook: Proven recipes for data analysis, statistics, and graphics},
  author={Teetor, Paul},
  year={2011},
  publisher={" O'Reilly Media, Inc."}
}
